@misc{silverman1986density,
  title={Density estimation for statistics and data analysis (Chapman \& Hall/CRC monographs on statistics \& applied probability)},
  author={Silverman, BW},
  year={1986},
  publisher={Chapman and Hall/CRC Boca Raton}
}

@article{nadaraya1964estimating,
  title={On estimating regression},
  author={Nadaraya, Elizbar A},
  journal={Theory of Probability \& Its Applications},
  volume={9},
  number={1},
  pages={141--142},
  year={1964},
  publisher={SIAM}
}

@article{watson1964smooth,
  title={Smooth regression analysis},
  author={Watson, Geoffrey S},
  journal={Sankhy{\=a}: The Indian Journal of Statistics, Series A},
  pages={359--372},
  year={1964},
  publisher={JSTOR}
}

@article{antonelli1993backward,
  title={Backward-forward stochastic differential equations},
  author={Antonelli, Fabio},
  journal={The Annals of Applied Probability},
  pages={777--793},
  year={1993},
  publisher={JSTOR}
}

@book{el1997backward,
  title={Backward stochastic differential equations},
  author={El Karoui, Nicole and Mazliak, Laurent},
  volume={364},
  year={1997},
  publisher={CRC Press}
}

@book{hull2016options,
  title={Options, futures, and other derivatives},
  author={Hull, John C and Basu, Sankarshan},
  year={2016},
  publisher={Pearson Education India}
}

@article{lindauer2008pricing,
  title={Pricing (multi-) barrier reverse convertibles},
  author={Lindauer, Thomas and Seiz, Ralf},
  year={2008}
}

@article{schwartz2001valuing,
  title={Valuing American Options by Simulation: A Simple Leastâ€”Squares},
  author={Schwartz, Francis A Longstaff Eduardo S},
  year={2001}
}

@article{gregory1982piecewise,
  title={Piecewise rational quadratic interpolation to monotonic data},
  author={Gregory, JA and Delbourgo, R},
  journal={IMA Journal of Numerical Analysis},
  volume={2},
  number={2},
  pages={123--130},
  year={1982},
  publisher={Oxford University Press}
}

@book{wilmott2007paul,
  title={Paul Wilmott introduces quantitative finance},
  author={Wilmott, Paul},
  year={2007},
  publisher={John Wiley \& Sons}
}

@misc{SSPA,
  author = {Swiss Structured Products Association},
  howpublished = {\url{https://www.svsp-verband.ch}},
  note = {Accessed: 2018-08-20}
}

@article{SSPA-study,
title= {First comprehensive swiss study on structured products: facts instead of presumptions},
author={Swiss Structured Products Association},
howpublished = {\url{http://sfi.ch/sites/default/files/sfi_wp_sp_pm_english.pdf}},
note = {Accessed: 2018-08-21}
}

@article{quarteroni2000methodes,
  title={M{\'e}thodes num{\'e}riques pour le calcul scientifique},
  author={Quarteroni, Alfio and Sacco, Riccardo and Saleri, Fausto},
  journal={Edition Springer,('00)},
  year={2000}
}

@article{moreno2003robustness,
  title={On the robustness of least-squares Monte Carlo (LSM) for pricing American derivatives},
  author={Moreno, Manuel and Navas, Javier F},
  journal={Review of Derivatives Research},
  volume={6},
  number={2},
  pages={107--128},
  year={2003},
  publisher={Springer}
}